<?xml version="1.0" encoding="UTF-8"?><record xmlns="http://www.loc.gov/MARC21/slim" xmlns:cinclude="http://apache.org/cocoon/include/1.0" xmlns:zs="http://www.loc.gov/zing/srw/">
  <leader>00439cz  a2200145n  4500</leader>
  <controlfield tag="001">n  89142649 </controlfield>
  <controlfield tag="003">DLC</controlfield>
  <controlfield tag="005">19900518132525.6</controlfield>
  <controlfield tag="008">900327n| acannaab|          |n ana |||  </controlfield>
  <datafield tag="010" ind1=" " ind2=" ">
    <subfield code="a">n  89142649 </subfield>
  </datafield>
  <datafield tag="040" ind1=" " ind2=" ">
    <subfield code="a">DLC</subfield>
    <subfield code="c">DLC</subfield>
    <subfield code="d">DLC</subfield>
  </datafield>
  <datafield tag="130" ind1=" " ind2="0">
    <subfield code="a">Senkai kaku</subfield>
  </datafield>
  <datafield tag="670" ind1=" " ind2=" ">
    <subfield code="a">Tōyama, H. Senzai kaku kanji sakuin, 1988:</subfield>
    <subfield code="b">t.p. (Senzai kaku)</subfield>
  </datafield>
  <datafield tag="670" ind1=" " ind2=" ">
    <subfield code="a">Kokusho sōmokuroku</subfield>
    <subfield code="b">(Senzai kaku)</subfield>
  </datafield>
  <datafield tag="670" ind1=" " ind2=" ">
    <subfield code="a">Nihon rekishi d.j.</subfield>
    <subfield code="b">(Senzai kaku; ed.: Ōe Koretoki)</subfield>
  </datafield>
</record>